<record><leader>00000cas a2200000Ia 4500</leader><controlfield tag="001">34406421</controlfield><controlfield tag="007">hd afu---baca</controlfield><controlfield tag="008">960319d18531857iauwr naa     0    0eng d</controlfield><datafield ind1=" " ind2=" " tag="010"><subfield code="a">sn 96080090 </subfield></datafield><datafield ind1=" " ind2=" " tag="040"><subfield code="a">NVG</subfield><subfield code="b">eng</subfield><subfield code="c">NVG</subfield><subfield code="d">OCL</subfield><subfield code="d">OCLCQ</subfield><subfield code="d">OCLCO</subfield></datafield><datafield ind1=" " ind2=" " tag="043"><subfield code="a">n-us-ia</subfield></datafield><datafield ind1="0" ind2=" " tag="130"><subfield code="a">Council Bluffs bugle (Council Bluffs, Iowa : 1853)</subfield></datafield><datafield ind1="1" ind2="0" tag="245"><subfield code="a">Council Bluffs bugle</subfield><subfield code="h">[microform].</subfield></datafield><datafield ind1="1" ind2=" " tag="246"><subfield code="i">Title in publisher's box:</subfield><subfield code="a">Semi-weekly bugle,</subfield><subfield code="f">Apr. 13-Dec. 25, 1855</subfield></datafield><datafield ind1=" " ind2=" " tag="260"><subfield code="a">City of Council Bluffs, Iowa :</subfield><subfield code="b">J.E. Johnson,</subfield><subfield code="c">-1857.</subfield></datafield><datafield ind1=" " ind2=" " tag="300"><subfield code="a">v.</subfield></datafield><datafield ind1=" " ind2=" " tag="310"><subfield code="a">Weekly,</subfield><subfield code="b">May 1, 1855-June 23, 1857</subfield></datafield><datafield ind1=" " ind2=" " tag="321"><subfield code="a">Weekly,</subfield><subfield code="b">&lt;Dec. 21, 1853&gt;</subfield></datafield><datafield ind1=" " ind2=" " tag="321"><subfield code="a">Semiweekly,</subfield><subfield code="b">&lt;Feb. 10, 1854&gt;-Apr. 27, 1855</subfield></datafield><datafield ind1="1" ind2=" " tag="362"><subfield code="a">Began in 1853.</subfield></datafield><datafield ind1="0" ind2=" " tag="362"><subfield code="a">-v. 7, no. 10 (June 23, 1857).</subfield></datafield><datafield ind1=" " ind2=" " tag="500"><subfield code="a">Issues for &lt;Feb. 10, 1854&gt;-July 10, 1855 have subtitle: Semi-weekly. This subtitle was maintained from May 1-July 10, 1855 despite the change in periodicity from semiweekly to weekly with the issue of May 1, 1855.</subfield></datafield><datafield ind1=" " ind2=" " tag="500"><subfield code="a">Filmed with: Western bugle and: Council Bluffs chronotype and: Freeport bulletin.</subfield></datafield><datafield ind1=" " ind2=" " tag="515"><subfield code="a">Issues for &lt;Apr. 7, 1854&gt;-Mar. 23, 1855 also called whole no. &lt;115&gt;-103 [i.e. 203].</subfield></datafield><datafield ind1=" " ind2=" " tag="515"><subfield code="a">Issues for Mar. 12-23, 1855 called whole no. 100-103 but constitute whole no. 200-203.</subfield></datafield><datafield ind1=" " ind2=" " tag="515"><subfield code="a">Vol. 5, no. [18] (July 17, 1855)-v. 5, no. [44] (Jan. 8, 1856) misnumbered Vol. 5, no. 19-43.</subfield></datafield><datafield ind1=" " ind2=" " tag="515"><subfield code="a">Issue for Jan. 5, 1855 misdated Jan. 2, 1855.</subfield></datafield><datafield ind1=" " ind2=" " tag="588"><subfield code="a">Description based on: Vol. 2, no. 35 (Dec. 21, 1853).</subfield></datafield><datafield ind1=" " ind2=" " tag="533"><subfield code="a">Microfilm.</subfield><subfield code="b">Chicago :</subfield><subfield code="c">Recordak Corp.</subfield><subfield code="e">1 microfilm reel ; 35 mm.</subfield></datafield><datafield ind1=" " ind2="0" tag="651"><subfield code="a">Council Bluffs (Iowa)</subfield><subfield code="v">Newspapers.</subfield></datafield><datafield ind1=" " ind2=" " tag="752"><subfield code="a">United States</subfield><subfield code="b">Iowa</subfield><subfield code="c">Pottawattamie</subfield><subfield code="d">Council Bluffs.</subfield></datafield><datafield ind1="1" ind2=" " tag="776"><subfield code="c">Original</subfield><subfield code="w">(DLC)sn 82014139</subfield></datafield><datafield ind1="0" ind2="0" tag="780"><subfield code="t">Western bugle</subfield></datafield><datafield ind1="0" ind2="5" tag="780"><subfield code="t">Omaha arrow</subfield></datafield><datafield ind1="0" ind2="0" tag="785"><subfield code="t">Weekly Council Bluffs bugle</subfield></datafield></record>